<record><leader>00000cas a22000007a 4500</leader><controlfield tag="001">10986073</controlfield><controlfield tag="008">840725d18621885ohuwr ne      0    0eng d</controlfield><datafield ind1=" " ind2=" " tag="010"><subfield code="a">sn 84028394 </subfield></datafield><datafield ind1=" " ind2=" " tag="040"><subfield code="a">NPY</subfield><subfield code="b">eng</subfield><subfield code="c">NPY</subfield><subfield code="d">NPX</subfield><subfield code="d">NPU</subfield><subfield code="d">NJW</subfield><subfield code="d">ONP</subfield><subfield code="d">OCLCQ</subfield></datafield><datafield ind1=" " ind2=" " tag="042"><subfield code="a">msc</subfield></datafield><datafield ind1="0" ind2=" " tag="130"><subfield code="a">Warren constitution (Warren, Ohio : 1862)</subfield></datafield><datafield ind1="1" ind2="4" tag="245"><subfield code="a">The Warren constitution.</subfield></datafield><datafield ind1=" " ind2=" " tag="260"><subfield code="a">Warren, Trumbull County, Ohio :</subfield><subfield code="b">Jefferson Palm,</subfield><subfield code="c">1862-</subfield></datafield><datafield ind1=" " ind2=" " tag="300"><subfield code="a">v.</subfield></datafield><datafield ind1=" " ind2=" " tag="310"><subfield code="a">Weekly</subfield></datafield><datafield ind1="0" ind2=" " tag="362"><subfield code="a">Vol. 1, no. 1 (July 15, 1862)-</subfield></datafield><datafield ind1="1" ind2=" " tag="362"><subfield code="a">Ceased in 1885.</subfield></datafield><datafield ind1=" " ind2=" " tag="500"><subfield code="a">Publishers: J. Palm, 1862-Apr. 9, 1867; Birchard &amp; Ensign, Apr. 16, 1867-1869; M. Brichard &amp; Son, 1869-&lt;1876&gt;.</subfield></datafield><datafield ind1=" " ind2=" " tag="500"><subfield code="a">Editors: Jefferson Palm, 1862-Apr. 9, 1867; M. Brichard, Apr. 16 1867-Oct. 1867; Brichard &amp; Ensign, Oct. 1867-1869; M. Birchard &amp; Son, 1869-&lt;1876&gt;.</subfield></datafield><datafield ind1=" " ind2=" " tag="500"><subfield code="a">Democratic.</subfield></datafield><datafield ind1=" " ind2=" " tag="752"><subfield code="a">United States</subfield><subfield code="b">Ohio</subfield><subfield code="c">Trumbull</subfield><subfield code="d">Warren.</subfield></datafield></record>